<?xml version="1.0" encoding="UTF-8"?><record xmlns="http://www.loc.gov/MARC21/slim" xmlns:cinclude="http://apache.org/cocoon/include/1.0" xmlns:zs="http://www.loc.gov/zing/srw/">
  <leader>00433cz  a2200133n  4500</leader>
  <controlfield tag="001">n 2004116072</controlfield>
  <controlfield tag="003">DLC</controlfield>
  <controlfield tag="005">20130322084328.0</controlfield>
  <controlfield tag="008">041027n| azannaabn          |n aaa      </controlfield>
  <datafield tag="010" ind1=" " ind2=" ">
    <subfield code="a">n 2004116072</subfield>
  </datafield>
  <datafield tag="040" ind1=" " ind2=" ">
    <subfield code="a">DLC</subfield>
    <subfield code="b">eng</subfield>
    <subfield code="e">rda</subfield>
    <subfield code="c">DLC</subfield>
    <subfield code="d">DLC</subfield>
  </datafield>
  <datafield tag="100" ind1="1" ind2=" ">
    <subfield code="a">Morrison, Thomas J.,</subfield>
    <subfield code="c">Jr.</subfield>
  </datafield>
  <datafield tag="670" ind1=" " ind2=" ">
    <subfield code="a">A new fluorimeter for the determination of uranium, 1954</subfield>
    <subfield code="b">(Thomas J. Morrison; joint author)</subfield>
  </datafield>
  <datafield tag="670" ind1=" " ind2=" ">
    <subfield code="a">LC manual cat.</subfield>
    <subfield code="b">(hdg.: Thomas J. Morrison, Jr.)</subfield>
  </datafield>
</record>